A225313               ASSOCIACAO REGIONAL 001BANCO DO BRASIL S.A.2018081300026304DEBITO AUTOMATICO                                                    
F4018000021693            4018000000000216932018081000000000004494800                                                                                0
F6575000053031            6575000000000530312018081000000000000700000                                                                                0
F6575000028097            6575000000000280972018081000000000000700000                                                                                0
F6873000009456            6873000000000094562018081000000000008852530                                                                                0
F0937000075757            0937000000000757572018081000000000007969600                                                                                0
F6920000009852            6920000000000098522018081000000000000700000                                                                                0
F6575000105406            6575000000001054062018081000000000000700000                                                                                0
F0057000005525            0057000000000055252018081000000000000700000                                                                                0
F6538000017280            6538000000000172802018081000000000007969600                                                                                0
F5598000009804            5598000000000098042018081000000000000700000                                                                                0
F6575000001738            6575000000000017382018081000000000000700000                                                                                0
F3485000114450            3485000000001144502018081000000000012300000                                                                                0
F6864000005592            6864000000000055922018081000000000000700030                                                                                0
F6864000018567            6864000000000185672018081000000000000700001                                                                                0
F4018000006645            4018000000000066452018081000000000000700000                                                                                0
F6575000045903            6575000000000459032018081000000000000700030                                                                                0
F0841000012035            0841000000000120352018081000000000000700000                                                                                0
F4896000037780            4896000000000377802018081000000000000700000                                                                                0
F2698000108250            2698000000001082502018081000000000001400000                                                                                0
F6920000012829            6920000000000128292018081000000000000700000                                                                                0
F6575000014684            6575000000000146842018081000000000000700000                                                                                0
F0057000020532            0057000000000205322018081000000000000700000                                                                                0
F6920000001139            6920000000000011392018081000000000000700000                                                                                0
F0622000133385            0622000000000133852018081000000000000700030                                                                                0
F0057000131686            0057000000001316862018081000000000007010000                                                                                0
F6920000031518            6920000000000315182018081000000000000700000                                                                                0
F0622000015274            0622000000000152742018081000000000013000000                                                                                0
F6575000051661            6575000000000516612018081000000000000700000                                                                                0
F0057000039417            0057000000000394172018081000000000004116800                                                                                0
F0622000018778            0622000000000187782018081000000000000700000                                                                                0
F0057000044346            0057000000000443462018081000000000000700000                                                                                0
F3018000020846            3018000000000208462018081000000000009784800                                                                                0
F6575000000090            6575000000000000902018081000000000014020000                                                                                0
F6608000453150            0111000000004531502018081000000000000700001                                                                                0
F6864000000105            6864000000000001052018081000000000000700000                                                                                0
F7007000000653            7007000000000006532018081000000000000700000                                                                                0
F7056000001011            6575000000000010112018081000000000004705000                                                                                0
F0057000006004            0057000000000060042018081000000000000700000                                                                                0
F6920000010276            6920000000000102762018081000000000003794800                                                                                0
F6575000101747            6575000000001017472018081000000000000700000                                                                                0
F4018000019159            4018000000000191592018081000000000000700000                                                                                0
F6864000117616            6864000000001176162018081000000000000700000                                                                                0
F6864000020055            6864000000000200552018081000000000000700000                                                                                0
F6575000024273            6575000000000242732018081000000000000700000                                                                                0
F1510000027234            0057000000001272342018081000000000000700000                                                                                0
F1510000014303            0057000000001143032018081000000000000700000                                                                                0
F6575000022418            6575000000000224182018081000000000007010000                                                                                0
F2970000035462            2970000000000354622018081000000000000700001                                                                                0
F7007000301466            7007000000003014662018081000000000000700000                                                                                0
F7056000010663            7056000000000106632018081000000000000700030                                                                                0
F4896000043096            4896000000000430962018081000000000000700000                                                                                0
F6920000001946            6920000000000019462018081000000000000700000                                                                                0
F6760000006397            6760000000000063972018081000000000000700000                                                                                0
Z00005500000000001337279                                                                                                                              
