A125313               ASSOCIACAO REGION...001BANCO DO BRASIL     2018082000027004DEBITO AUTOMATICO                                                    
E0001000099785            0001000000000997852018091000000000012381203Maria Laura Gomes Ferreira                                                      0
Z00000300000000000123812                                                                                                                              
