A155552               Empresa Ltda Me     001BANCO DO BRASIL     2018080600006604DEBITO AUTOMATICO                                                    
E1234000001234            1234000000000012342018070100000000001000003Joao da Silva                                                                   0
E8888000088888            8888000000000888882018070100000000000730003Maria da Silva                                                                  0
E1111000001233            1111000000000012332018070100000000000222203Pedro Henrique                                                                  0
E1234000001234            1234000000000012342018070100000000002330003Joao da Silva                                                                   0
E1234000001234            1234000000000012342018070100000000000450003Joao da Silva                                                                   0
E8888000088888            8888000000000888882018070100000000000630003Maria da Silva                                                                  0
Z00000800000000000053622                                                                                                                              
