A155552               ASSOCIACAO REGION...001BANCO DO BRASIL     2018081900010104DEBITO AUTOMATICO                                                    
E0037130038913            0037000001300389132018082300000000002210003Guilhermina Alves                                                               0
E0057000123566            0057000000001235662018082300000000000750003Leandro ALmeida                                                                 0
Z00000400000000000029600                                                                                                                              
