A155552               Empresa Ltda Me     001BANCO DO BRASIL     2018081700010004DEBITO AUTOMATICO                                                    
E8888000088888            8888000000000888882018090700000000000730003Maria da Silva                                                                  0
E1234000001234            1234000000000012342018090700000000002330003Joao da Silva                                                                   0
Z00000400000000000030600                                                                                                                              
