A155552               Empresa Ltda Me     001BANCO DO BRASIL     2018081700009904DEBITO AUTOMATICO                                                    
E8888000088888            8888000000000888882018091000000000004000703Maria da Silva                                                                  0
Z00000300000000000040007                                                                                                                              
