A155552               Empresa Ltda Me     001BANCO DO BRASIL     2018081600009404DEBITO AUTOMATICO                                                    
E8888000088888            8888000000000888882018091000000000003211203Maria da Silva                                                                  0
Z00000300000000000032112                                                                                                                              
