A155552               Empresa Ltda Me     001BANCO DO BRASIL     2018081600009504DEBITO AUTOMATICO                                                    
E1234000001234            1234000000000012342018101000000000000700003Joao da Silva                                                                   0
E8888000088888            8888000000000888882018101000000000000700003Maria da Silva                                                                  0
E1111000001233            1111000000000012332018101000000000000700003Pedro Henrique                                                                  0
E1234000001234            1234000000000012342018101000000000001000003Joao da Silva                                                                   0
E8888000088888            8888000000000888882018101000000000001000003Maria da Silva                                                                  0
E1111000001233            1111000000000012332018101000000000001000003Pedro Henrique                                                                  0
Z00000800000000000051000                                                                                                                              
