A155552               ASSOCIACAO REGION...001BANCO DO BRASIL     2018082300010404DEBITO AUTOMATICO                                                    
E0037130038913            0037000001300389132018082300000000002210003360        Guilhermina Alves                                                    0
E0057000123566            0057000000001235662018082300000000000750003361        Leandro Almeida                                                      0
E0037130038913            0037000001300389132018082200000000002210003368        Guilhermina Alves                                                    0
E0057000123566            0057000000001235662018082400000000000750003369        Leandro Almeida                                                      0
Z00000600000000000059200                                                                                                                              
