A155552               ASSOCIACAO REGION...001BANCO DO BRASIL     2018082100010304DEBITO AUTOMATICO                                                    
E0037130038913            0037000001300389132018082300000000002210003Guilhermina Alves                                                               0
E0057000123566            0057000000001235662018082300000000000750003Leandro Almeida                                                                 0
E0037130038913            0037000001300389132018082200000000002210003Guilhermina Alves                                                               0
E0057000123566            0057000000001235662018082200000000000750003Leandro Almeida                                                                 0
Z00000600000000000059200                                                                                                                              
