A155552               Empresa Ltda Me     001BANCO DO BRASIL     2018080500006504DEBITO AUTOMATICO                                                    
B4018000015279            40180000000001527920180805                                                                                                 2
Z00000300000000000000000                                                                                                                              
