A166666               ASSOCIACAO REGION...001BANCO DO BRASIL     2018082800022904DEBITO AUTOMATICO                                                    
E1234000123454            1234000000001234542018082200000000000700003357        Joao da Silva                                                        0
E8888000088888            8888000000000888882018082200000000006310003358        Maria da Silva                                                       0
Z00000400000000000070100                                                                                                                              
