A166666               ASSOCIACAO REGION...001BANCO DO BRASIL     2018082400022804DEBITO AUTOMATICO                                                    
E1234000123454            1234000000001234542018091000000000000700003327        Joao da Silva                                                        0
E8888000088888            8888000000000888882018091000000000006310003328        Maria da Silva                                                       0
E1111000007777            1111000000000077772018091000000000002311203329        Pedro Henrique                                                       0
Z00000500000000000093212                                                                                                                              
