A166666               ASSOCIACAO REGION...001BANCO DO BRASIL     2018081900021704DEBITO AUTOMATICO                                                    
E1234000001234            1234000000000012342018082200000000000700003Joao da Silva                                                                   0
E8888000088888            8888000000000888882018082200000000006310003Maria da Silva                                                                  0
E1111000001233            1111000000000012332018082200000000002311203Pedro Henrique                                                                  0
Z00000500000000000093212                                                                                                                              
