A166666               ASSOCIACAO REGION...001BANCO DO BRASIL     2018082000022104DEBITO AUTOMATICO                                                    
E1234000123454            1234000000001234542018091000000000000700003Joao da Silva                                                                   0
E8888000088888            8888000000000888882018091000000000006310003Maria da Silva                                                                  0
E1111000001233            1111000000000012332018091000000000002311203Pedro Henrique                                                                  0
Z00000500000000000093212                                                                                                                              
