A166666               Empresa Ltda Me     001BANCO DO BRASIL     2018081700021104DEBITO AUTOMATICO                                                    
E1234000001234            1234000000000012342018090700000000001000003Joao da Silva                                                                   0
E1234000001234            1234000000000012342018090700000000000450003Joao da Silva                                                                   0
E8888000088888            8888000000000888882018090700000000000630003Maria da Silva                                                                  0
Z00000500000000000020800                                                                                                                              
