A166666               Empresa Ltda Me     001BANCO DO BRASIL     2018081700021004DEBITO AUTOMATICO                                                    
E1234000001234            1234000000000012342018111000000000005210003Joao da Silva                                                                   0
E8888000088888            8888000000000888882018111000000000005210003Maria da Silva                                                                  0
E1111000001233            1111000000000012332018111000000000005210003Pedro Henrique                                                                  0
E1234000001234            1234000000000012342018111000000000005210003Joao da Silva                                                                   0
E8888000088888            8888000000000888882018111000000000005210003Maria da Silva                                                                  0
E1111000001233            1111000000000012332018111000000000005210003Pedro Henrique                                                                  0
E1234000001234            1234000000000012342018111000000000005210003Joao da Silva                                                                   0
E8888000088888            8888000000000888882018111000000000005210003Maria da Silva                                                                  0
E1111000001233            1111000000000012332018111000000000005210003Pedro Henrique                                                                  0
E1234000001234            1234000000000012342018111000000000005210003Joao da Silva                                                                   0
E8888000088888            8888000000000888882018111000000000005210003Maria da Silva                                                                  0
E1111000001233            1111000000000012332018111000000000005210003Pedro Henrique                                                                  0
E1234000001234            1234000000000012342018111000000000005210003Joao da Silva                                                                   0
E8888000088888            8888000000000888882018111000000000005210003Maria da Silva                                                                  0
E1111000001233            1111000000000012332018111000000000005210003Pedro Henrique                                                                  0
E1234000001234            1234000000000012342018111000000000005210003Joao da Silva                                                                   0
E8888000088888            8888000000000888882018111000000000005210003Maria da Silva                                                                  0
E1111000001233            1111000000000012332018111000000000005210003Pedro Henrique                                                                  0
E1234000001234            1234000000000012342018111000000000005210003Joao da Silva                                                                   0
E8888000088888            8888000000000888882018111000000000005210003Maria da Silva                                                                  0
E1111000001233            1111000000000012332018111000000000005210003Pedro Henrique                                                                  0
E1234000001234            1234000000000012342018111000000000005210003Joao da Silva                                                                   0
E8888000088888            8888000000000888882018111000000000005210003Maria da Silva                                                                  0
E1111000001233            1111000000000012332018111000000000005210003Pedro Henrique                                                                  0
E1234000001234            1234000000000012342018111000000000005210003Joao da Silva                                                                   0
E8888000088888            8888000000000888882018111000000000005210003Maria da Silva                                                                  0
E1111000001233            1111000000000012332018111000000000005210003Pedro Henrique                                                                  0
E1234000001234            1234000000000012342018111000000000005210003Joao da Silva                                                                   0
E8888000088888            8888000000000888882018111000000000005210003Maria da Silva                                                                  0
E1111000001233            1111000000000012332018111000000000005210003Pedro Henrique                                                                  0
E1234000001234            1234000000000012342018111000000000005210003Joao da Silva                                                                   0
E8888000088888            8888000000000888882018111000000000005210003Maria da Silva                                                                  0
E1111000001233            1111000000000012332018111000000000005210003Pedro Henrique                                                                  0
E1234000001234            1234000000000012342018111000000000005210003Joao da Silva                                                                   0
E8888000088888            8888000000000888882018111000000000005210003Maria da Silva                                                                  0
E1111000001233            1111000000000012332018111000000000005210003Pedro Henrique                                                                  0
E1234000001234            1234000000000012342018111000000000005210003Joao da Silva                                                                   0
E8888000088888            8888000000000888882018111000000000005210003Maria da Silva                                                                  0
E1111000001233            1111000000000012332018111000000000005210003Pedro Henrique                                                                  0
E1234000001234            1234000000000012342018111000000000005210003Joao da Silva                                                                   0
E8888000088888            8888000000000888882018111000000000005210003Maria da Silva                                                                  0
E1111000001233            1111000000000012332018111000000000005210003Pedro Henrique                                                                  0
E1234000001234            1234000000000012342018111000000000005210003Joao da Silva                                                                   0
E8888000088888            8888000000000888882018111000000000005210003Maria da Silva                                                                  0
E1111000001233            1111000000000012332018111000000000005210003Pedro Henrique                                                                  0
E1234000001234            1234000000000012342018111000000000005210003Joao da Silva                                                                   0
E8888000088888            8888000000000888882018111000000000005210003Maria da Silva                                                                  0
E1111000001233            1111000000000012332018111000000000005210003Pedro Henrique                                                                  0
E1234000001234            1234000000000012342018111000000000005210003Joao da Silva                                                                   0
E8888000088888            8888000000000888882018111000000000005210003Maria da Silva                                                                  0
E1111000001233            1111000000000012332018111000000000005210003Pedro Henrique                                                                  0
E1234000001234            1234000000000012342018111000000000005210003Joao da Silva                                                                   0
E8888000088888            8888000000000888882018111000000000005210003Maria da Silva                                                                  0
E1111000001233            1111000000000012332018111000000000005210003Pedro Henrique                                                                  0
E1234000001234            1234000000000012342018111000000000005210003Joao da Silva                                                                   0
E8888000088888            8888000000000888882018111000000000005210003Maria da Silva                                                                  0
E1111000001233            1111000000000012332018111000000000005210003Pedro Henrique                                                                  0
E1234000001234            1234000000000012342018111000000000005210003Joao da Silva                                                                   0
E8888000088888            8888000000000888882018111000000000005210003Maria da Silva                                                                  0
E1111000001233            1111000000000012332018111000000000005210003Pedro Henrique                                                                  0
E1234000001234            1234000000000012342018111000000000005210003Joao da Silva                                                                   0
E8888000088888            8888000000000888882018111000000000005210003Maria da Silva                                                                  0
E1111000001233            1111000000000012332018111000000000005210003Pedro Henrique                                                                  0
E1234000001234            1234000000000012342018111000000000005210003Joao da Silva                                                                   0
E8888000088888            8888000000000888882018111000000000005210003Maria da Silva                                                                  0
E1111000001233            1111000000000012332018111000000000005210003Pedro Henrique                                                                  0
E1234000001234            1234000000000012342018111000000000005210003Joao da Silva                                                                   0
E8888000088888            8888000000000888882018111000000000005210003Maria da Silva                                                                  0
E1111000001233            1111000000000012332018111000000000005210003Pedro Henrique                                                                  0
E1234000001234            1234000000000012342018111000000000005210003Joao da Silva                                                                   0
E8888000088888            8888000000000888882018111000000000005210003Maria da Silva                                                                  0
E1111000001233            1111000000000012332018111000000000005210003Pedro Henrique                                                                  0
E1234000001234            1234000000000012342018111000000000005210003Joao da Silva                                                                   0
E8888000088888            8888000000000888882018111000000000005210003Maria da Silva                                                                  0
E1111000001233            1111000000000012332018111000000000005210003Pedro Henrique                                                                  0
E1234000001234            1234000000000012342018111000000000005210003Joao da Silva                                                                   0
E8888000088888            8888000000000888882018111000000000005210003Maria da Silva                                                                  0
E1111000001233            1111000000000012332018111000000000005210003Pedro Henrique                                                                  0
E1234000001234            1234000000000012342018111000000000005210003Joao da Silva                                                                   0
E8888000088888            8888000000000888882018111000000000005210003Maria da Silva                                                                  0
E1111000001233            1111000000000012332018111000000000005210003Pedro Henrique                                                                  0
E1234000001234            1234000000000012342018111000000000005210003Joao da Silva                                                                   0
E8888000088888            8888000000000888882018111000000000005210003Maria da Silva                                                                  0
E1111000001233            1111000000000012332018111000000000005210003Pedro Henrique                                                                  0
E1234000001234            1234000000000012342018111000000000005210003Joao da Silva                                                                   0
E8888000088888            8888000000000888882018111000000000005210003Maria da Silva                                                                  0
E1111000001233            1111000000000012332018111000000000005210003Pedro Henrique                                                                  0
E1234000001234            1234000000000012342018111000000000005210003Joao da Silva                                                                   0
E8888000088888            8888000000000888882018111000000000005210003Maria da Silva                                                                  0
E1111000001233            1111000000000012332018111000000000005210003Pedro Henrique                                                                  0
E1234000001234            1234000000000012342018111000000000005210003Joao da Silva                                                                   0
E8888000088888            8888000000000888882018111000000000005210003Maria da Silva                                                                  0
E1111000001233            1111000000000012332018111000000000005210003Pedro Henrique                                                                  0
E1234000001234            1234000000000012342018111000000000005210003Joao da Silva                                                                   0
E8888000088888            8888000000000888882018111000000000005210003Maria da Silva                                                                  0
E1111000001233            1111000000000012332018111000000000005210003Pedro Henrique                                                                  0
E1234000001234            1234000000000012342018111000000000005210003Joao da Silva                                                                   0
E8888000088888            8888000000000888882018111000000000005210003Maria da Silva                                                                  0
E1111000001233            1111000000000012332018111000000000005210003Pedro Henrique                                                                  0
E1234000001234            1234000000000012342018111000000000005210003Joao da Silva                                                                   0
E8888000088888            8888000000000888882018111000000000005210003Maria da Silva                                                                  0
E1111000001233            1111000000000012332018111000000000005210003Pedro Henrique                                                                  0
E1234000001234            1234000000000012342018111000000000005210003Joao da Silva                                                                   0
E8888000088888            8888000000000888882018111000000000005210003Maria da Silva                                                                  0
E1111000001233            1111000000000012332018111000000000005210003Pedro Henrique                                                                  0
E1234000001234            1234000000000012342018111000000000005210003Joao da Silva                                                                   0
E8888000088888            8888000000000888882018111000000000005210003Maria da Silva                                                                  0
E1111000001233            1111000000000012332018111000000000005210003Pedro Henrique                                                                  0
E1234000001234            1234000000000012342018111000000000005210003Joao da Silva                                                                   0
E8888000088888            8888000000000888882018111000000000005210003Maria da Silva                                                                  0
E1111000001233            1111000000000012332018111000000000005210003Pedro Henrique                                                                  0
E1234000001234            1234000000000012342018111000000000005210003Joao da Silva                                                                   0
E8888000088888            8888000000000888882018111000000000005210003Maria da Silva                                                                  0
E1111000001233            1111000000000012332018111000000000005210003Pedro Henrique                                                                  0
E1234000001234            1234000000000012342018111000000000005210003Joao da Silva                                                                   0
E8888000088888            8888000000000888882018111000000000005210003Maria da Silva                                                                  0
E1111000001233            1111000000000012332018111000000000005210003Pedro Henrique                                                                  0
E1234000001234            1234000000000012342018111000000000005210003Joao da Silva                                                                   0
E8888000088888            8888000000000888882018111000000000005210003Maria da Silva                                                                  0
E1111000001233            1111000000000012332018111000000000005210003Pedro Henrique                                                                  0
E1234000001234            1234000000000012342018111000000000005210003Joao da Silva                                                                   0
E8888000088888            8888000000000888882018111000000000005210003Maria da Silva                                                                  0
E1111000001233            1111000000000012332018111000000000005210003Pedro Henrique                                                                  0
E1234000001234            1234000000000012342018111000000000005210003Joao da Silva                                                                   0
E8888000088888            8888000000000888882018111000000000005210003Maria da Silva                                                                  0
E1111000001233            1111000000000012332018111000000000005210003Pedro Henrique                                                                  0
E1234000001234            1234000000000012342018111000000000005210003Joao da Silva                                                                   0
E8888000088888            8888000000000888882018111000000000005210003Maria da Silva                                                                  0
E1111000001233            1111000000000012332018111000000000005210003Pedro Henrique                                                                  0
E1234000001234            1234000000000012342018111000000000005210003Joao da Silva                                                                   0
E8888000088888            8888000000000888882018111000000000005210003Maria da Silva                                                                  0
E1111000001233            1111000000000012332018111000000000005210003Pedro Henrique                                                                  0
E1234000001234            1234000000000012342018111000000000005210003Joao da Silva                                                                   0
E8888000088888            8888000000000888882018111000000000005210003Maria da Silva                                                                  0
E1111000001233            1111000000000012332018111000000000005210003Pedro Henrique                                                                  0
E1234000001234            1234000000000012342018111000000000005210003Joao da Silva                                                                   0
E8888000088888            8888000000000888882018111000000000005210003Maria da Silva                                                                  0
E1111000001233            1111000000000012332018111000000000005210003Pedro Henrique                                                                  0
E1234000001234            1234000000000012342018111000000000005210003Joao da Silva                                                                   0
E8888000088888            8888000000000888882018111000000000005210003Maria da Silva                                                                  0
E1111000001233            1111000000000012332018111000000000005210003Pedro Henrique                                                                  0
E1234000001234            1234000000000012342018111000000000005210003Joao da Silva                                                                   0
E8888000088888            8888000000000888882018111000000000005210003Maria da Silva                                                                  0
E1111000001233            1111000000000012332018111000000000005210003Pedro Henrique                                                                  0
E1234000001234            1234000000000012342018111000000000005210003Joao da Silva                                                                   0
E8888000088888            8888000000000888882018111000000000005210003Maria da Silva                                                                  0
E1111000001233            1111000000000012332018111000000000005210003Pedro Henrique                                                                  0
E1234000001234            1234000000000012342018111000000000005210003Joao da Silva                                                                   0
E8888000088888            8888000000000888882018111000000000005210003Maria da Silva                                                                  0
E1111000001233            1111000000000012332018111000000000005210003Pedro Henrique                                                                  0
E1234000001234            1234000000000012342018111000000000005210003Joao da Silva                                                                   0
E8888000088888            8888000000000888882018111000000000005210003Maria da Silva                                                                  0
E1111000001233            1111000000000012332018111000000000005210003Pedro Henrique                                                                  0
E1234000001234            1234000000000012342018111000000000005210003Joao da Silva                                                                   0
E8888000088888            8888000000000888882018111000000000005210003Maria da Silva                                                                  0
E1111000001233            1111000000000012332018111000000000005210003Pedro Henrique                                                                  0
E1234000001234            1234000000000012342018111000000000005210003Joao da Silva                                                                   0
E8888000088888            8888000000000888882018111000000000005210003Maria da Silva                                                                  0
E1111000001233            1111000000000012332018111000000000005210003Pedro Henrique                                                                  0
E1234000001234            1234000000000012342018111000000000005210003Joao da Silva                                                                   0
E8888000088888            8888000000000888882018111000000000005210003Maria da Silva                                                                  0
E1111000001233            1111000000000012332018111000000000005210003Pedro Henrique                                                                  0
E1234000001234            1234000000000012342018111000000000005210003Joao da Silva                                                                   0
E8888000088888            8888000000000888882018111000000000005210003Maria da Silva                                                                  0
E1111000001233            1111000000000012332018111000000000005210003Pedro Henrique                                                                  0
E1234000001234            1234000000000012342018111000000000005210003Joao da Silva                                                                   0
E8888000088888            8888000000000888882018111000000000005210003Maria da Silva                                                                  0
E1111000001233            1111000000000012332018111000000000005210003Pedro Henrique                                                                  0
E1234000001234            1234000000000012342018111000000000005210003Joao da Silva                                                                   0
E8888000088888            8888000000000888882018111000000000005210003Maria da Silva                                                                  0
E1111000001233            1111000000000012332018111000000000005210003Pedro Henrique                                                                  0
E1234000001234            1234000000000012342018111000000000005210003Joao da Silva                                                                   0
E8888000088888            8888000000000888882018111000000000005210003Maria da Silva                                                                  0
E1111000001233            1111000000000012332018111000000000005210003Pedro Henrique                                                                  0
E1234000001234            1234000000000012342018111000000000005210003Joao da Silva                                                                   0
E8888000088888            8888000000000888882018111000000000005210003Maria da Silva                                                                  0
E1111000001233            1111000000000012332018111000000000005210003Pedro Henrique                                                                  0
E1234000001234            1234000000000012342018111000000000005210003Joao da Silva                                                                   0
E8888000088888            8888000000000888882018111000000000005210003Maria da Silva                                                                  0
E1111000001233            1111000000000012332018111000000000005210003Pedro Henrique                                                                  0
E1234000001234            1234000000000012342018111000000000005210003Joao da Silva                                                                   0
E8888000088888            8888000000000888882018111000000000005210003Maria da Silva                                                                  0
E1111000001233            1111000000000012332018111000000000005210003Pedro Henrique                                                                  0
E1234000001234            1234000000000012342018111000000000005210003Joao da Silva                                                                   0
E8888000088888            8888000000000888882018111000000000005210003Maria da Silva                                                                  0
E1111000001233            1111000000000012332018111000000000005210003Pedro Henrique                                                                  0
E1234000001234            1234000000000012342018111000000000005210003Joao da Silva                                                                   0
E8888000088888            8888000000000888882018111000000000005210003Maria da Silva                                                                  0
E1111000001233            1111000000000012332018111000000000005210003Pedro Henrique                                                                  0
E1234000001234            1234000000000012342018111000000000005210003Joao da Silva                                                                   0
E8888000088888            8888000000000888882018111000000000005210003Maria da Silva                                                                  0
E1111000001233            1111000000000012332018111000000000005210003Pedro Henrique                                                                  0
E1234000001234            1234000000000012342018111000000000005210003Joao da Silva                                                                   0
E8888000088888            8888000000000888882018111000000000005210003Maria da Silva                                                                  0
E1111000001233            1111000000000012332018111000000000005210003Pedro Henrique                                                                  0
E1234000001234            1234000000000012342018111000000000005210003Joao da Silva                                                                   0
E8888000088888            8888000000000888882018111000000000005210003Maria da Silva                                                                  0
E1111000001233            1111000000000012332018111000000000005210003Pedro Henrique                                                                  0
E1234000001234            1234000000000012342018111000000000005210003Joao da Silva                                                                   0
E8888000088888            8888000000000888882018111000000000005210003Maria da Silva                                                                  0
E1111000001233            1111000000000012332018111000000000005210003Pedro Henrique                                                                  0
E1234000001234            1234000000000012342018111000000000005210003Joao da Silva                                                                   0
E8888000088888            8888000000000888882018111000000000005210003Maria da Silva                                                                  0
E1111000001233            1111000000000012332018111000000000005210003Pedro Henrique                                                                  0
E1234000001234            1234000000000012342018111000000000005210003Joao da Silva                                                                   0
E8888000088888            8888000000000888882018111000000000005210003Maria da Silva                                                                  0
E1111000001233            1111000000000012332018111000000000005210003Pedro Henrique                                                                  0
E1234000001234            1234000000000012342018111000000000005210003Joao da Silva                                                                   0
E8888000088888            8888000000000888882018111000000000005210003Maria da Silva                                                                  0
E1111000001233            1111000000000012332018111000000000005210003Pedro Henrique                                                                  0
E1234000001234            1234000000000012342018111000000000005210003Joao da Silva                                                                   0
E8888000088888            8888000000000888882018111000000000005210003Maria da Silva                                                                  0
E1111000001233            1111000000000012332018111000000000005210003Pedro Henrique                                                                  0
E1234000001234            1234000000000012342018111000000000005210003Joao da Silva                                                                   0
E8888000088888            8888000000000888882018111000000000005210003Maria da Silva                                                                  0
E1111000001233            1111000000000012332018111000000000005210003Pedro Henrique                                                                  0
E1234000001234            1234000000000012342018111000000000005210003Joao da Silva                                                                   0
E8888000088888            8888000000000888882018111000000000005210003Maria da Silva                                                                  0
E1111000001233            1111000000000012332018111000000000005210003Pedro Henrique                                                                  0
E1234000001234            1234000000000012342018111000000000005210003Joao da Silva                                                                   0
E8888000088888            8888000000000888882018111000000000005210003Maria da Silva                                                                  0
E1111000001233            1111000000000012332018111000000000005210003Pedro Henrique                                                                  0
E1234000001234            1234000000000012342018111000000000005210003Joao da Silva                                                                   0
E8888000088888            8888000000000888882018111000000000005210003Maria da Silva                                                                  0
E1111000001233            1111000000000012332018111000000000005210003Pedro Henrique                                                                  0
E1234000001234            1234000000000012342018111000000000005210003Joao da Silva                                                                   0
E8888000088888            8888000000000888882018111000000000005210003Maria da Silva                                                                  0
E1111000001233            1111000000000012332018111000000000005210003Pedro Henrique                                                                  0
E1234000001234            1234000000000012342018111000000000005210003Joao da Silva                                                                   0
E8888000088888            8888000000000888882018111000000000005210003Maria da Silva                                                                  0
E1111000001233            1111000000000012332018111000000000005210003Pedro Henrique                                                                  0
E1234000001234            1234000000000012342018111000000000005210003Joao da Silva                                                                   0
E8888000088888            8888000000000888882018111000000000005210003Maria da Silva                                                                  0
E1111000001233            1111000000000012332018111000000000005210003Pedro Henrique                                                                  0
E1234000001234            1234000000000012342018111000000000005210003Joao da Silva                                                                   0
E8888000088888            8888000000000888882018111000000000005210003Maria da Silva                                                                  0
E1111000001233            1111000000000012332018111000000000005210003Pedro Henrique                                                                  0
E1234000001234            1234000000000012342018111000000000005210003Joao da Silva                                                                   0
E8888000088888            8888000000000888882018111000000000005210003Maria da Silva                                                                  0
E1111000001233            1111000000000012332018111000000000005210003Pedro Henrique                                                                  0
E1234000001234            1234000000000012342018111000000000005210003Joao da Silva                                                                   0
E8888000088888            8888000000000888882018111000000000005210003Maria da Silva                                                                  0
E1111000001233            1111000000000012332018111000000000005210003Pedro Henrique                                                                  0
E1234000001234            1234000000000012342018111000000000005210003Joao da Silva                                                                   0
E8888000088888            8888000000000888882018111000000000005210003Maria da Silva                                                                  0
E1111000001233            1111000000000012332018111000000000005210003Pedro Henrique                                                                  0
E1234000001234            1234000000000012342018111000000000005210003Joao da Silva                                                                   0
E8888000088888            8888000000000888882018111000000000005210003Maria da Silva                                                                  0
E1111000001233            1111000000000012332018111000000000005210003Pedro Henrique                                                                  0
E1234000001234            1234000000000012342018111000000000005210003Joao da Silva                                                                   0
E8888000088888            8888000000000888882018111000000000005210003Maria da Silva                                                                  0
E1111000001233            1111000000000012332018111000000000005210003Pedro Henrique                                                                  0
E1234000001234            1234000000000012342018111000000000005210003Joao da Silva                                                                   0
E8888000088888            8888000000000888882018111000000000005210003Maria da Silva                                                                  0
E1111000001233            1111000000000012332018111000000000005210003Pedro Henrique                                                                  0
E1234000001234            1234000000000012342018111000000000005210003Joao da Silva                                                                   0
E8888000088888            8888000000000888882018111000000000005210003Maria da Silva                                                                  0
E1111000001233            1111000000000012332018111000000000005210003Pedro Henrique                                                                  0
E1234000001234            1234000000000012342018111000000000005210003Joao da Silva                                                                   0
E8888000088888            8888000000000888882018111000000000005210003Maria da Silva                                                                  0
E1111000001233            1111000000000012332018111000000000005210003Pedro Henrique                                                                  0
E1234000001234            1234000000000012342018111000000000005210003Joao da Silva                                                                   0
E8888000088888            8888000000000888882018111000000000005210003Maria da Silva                                                                  0
E1111000001233            1111000000000012332018111000000000005210003Pedro Henrique                                                                  0
E1234000001234            1234000000000012342018111000000000005210003Joao da Silva                                                                   0
E8888000088888            8888000000000888882018111000000000005210003Maria da Silva                                                                  0
E1111000001233            1111000000000012332018111000000000005210003Pedro Henrique                                                                  0
E1234000001234            1234000000000012342018111000000000005210003Joao da Silva                                                                   0
E8888000088888            8888000000000888882018111000000000005210003Maria da Silva                                                                  0
E1111000001233            1111000000000012332018111000000000005210003Pedro Henrique                                                                  0
E1234000001234            1234000000000012342018111000000000005210003Joao da Silva                                                                   0
E8888000088888            8888000000000888882018111000000000005210003Maria da Silva                                                                  0
E1111000001233            1111000000000012332018111000000000005210003Pedro Henrique                                                                  0
E1234000001234            1234000000000012342018111000000000005210003Joao da Silva                                                                   0
E8888000088888            8888000000000888882018111000000000005210003Maria da Silva                                                                  0
E1111000001233            1111000000000012332018111000000000005210003Pedro Henrique                                                                  0
E1234000001234            1234000000000012342018111000000000005210003Joao da Silva                                                                   0
E8888000088888            8888000000000888882018111000000000005210003Maria da Silva                                                                  0
E1111000001233            1111000000000012332018111000000000005210003Pedro Henrique                                                                  0
E1234000001234            1234000000000012342018111000000000005210003Joao da Silva                                                                   0
E8888000088888            8888000000000888882018111000000000005210003Maria da Silva                                                                  0
E1111000001233            1111000000000012332018111000000000005210003Pedro Henrique                                                                  0
E1234000001234            1234000000000012342018111000000000005210003Joao da Silva                                                                   0
E8888000088888            8888000000000888882018111000000000005210003Maria da Silva                                                                  0
E1111000001233            1111000000000012332018111000000000005210003Pedro Henrique                                                                  0
E1234000001234            1234000000000012342018111000000000005210003Joao da Silva                                                                   0
E8888000088888            8888000000000888882018111000000000005210003Maria da Silva                                                                  0
E1111000001233            1111000000000012332018111000000000005210003Pedro Henrique                                                                  0
E1234000001234            1234000000000012342018111000000000005210003Joao da Silva                                                                   0
E8888000088888            8888000000000888882018111000000000005210003Maria da Silva                                                                  0
E1111000001233            1111000000000012332018111000000000005210003Pedro Henrique                                                                  0
E1234000001234            1234000000000012342018111000000000005210003Joao da Silva                                                                   0
E8888000088888            8888000000000888882018111000000000005210003Maria da Silva                                                                  0
E1111000001233            1111000000000012332018111000000000005210003Pedro Henrique                                                                  0
E1234000001234            1234000000000012342018111000000000005210003Joao da Silva                                                                   0
E8888000088888            8888000000000888882018111000000000005210003Maria da Silva                                                                  0
E1111000001233            1111000000000012332018111000000000005210003Pedro Henrique                                                                  0
Z00029900000000015473700                                                                                                                              
