A166666               Empresa Ltda Me     001BANCO DO BRASIL     2018081700020904DEBITO AUTOMATICO                                                    
E1111000001233            1111000000000012332018081500000000000100003Pedro Henrique                                                                  0
Z00000300000000000001000                                                                                                                              
