A1877843              Empresa Ltda Me     001BANCO DO BRASIL     2018081700046704DEBITO AUTOMATICO                                                    
E1234000001234            1234000000000012342018081600000000000152303Joao da Silva                                                                   0
E1111000001233            1111000000000012332018081600000000000030003Pedro Henrique                                                                  0
Z00000400000000000001823                                                                                                                              
