A1877843              Empresa Ltda Me     001BANCO DO BRASIL     2018081700046904DEBITO AUTOMATICO                                                    
E8888000088888            8888000000000888882018082900000000000725003Maria da Silva                                                                  0
Z00000300000000000007250                                                                                                                              
