A1877843              Empresa Ltda Me     001BANCO DO BRASIL     2018081600046604DEBITO AUTOMATICO                                                    
E1234000001234            1234000000000012342018081600000000000152303Joao da Silva                                                                   0
E8888000088888            8888000000000888882018082900000000000725003Maria da Silva                                                                  0
E8888000088888            8888000000000888882018081500000000000300003Maria da Silva                                                                  0
E1111000001233            1111000000000012332018081600000000000030003Pedro Henrique                                                                  0
Z00000600000000000012073                                                                                                                              
